@article{furukawa2010accurate,
  title = {Accurate, dense, and robust multiview stereopsis},
  author = {Furukawa, Yasutaka and Ponce, Jean},
  journal = {Pattern Analysis and Machine Intelligence, IEEE Transactions on},
  volume = {32},
  number = {8},
  pages = {1362--1376},
  year = 2010,
  publisher = {IEEE}
}

@incollection{stuhmer2010real,
  title={Real-time dense geometry from a handheld camera},
  author={St{\"u}hmer, Jan and Gumhold, Stefan and Cremers, Daniel},
  booktitle={Pattern Recognition},
  pages={11--20},
  year={2010},
  publisher={Springer}
}

@article{chaurasia2013depth,
  title={Depth synthesis and local warps for plausible image-based navigation},
  author={Chaurasia, Gaurav and Duchene, Sylvain and Sorkine-Hornung, Olga and Drettakis, George},
  journal={ACM Transactions on Graphics (TOG)},
  volume={32},
  number={3},
  pages={30},
  year=2013,
  publisher={ACM}
}

@inproceedings{gortler1996lumigraph,
  title={The lumigraph},
  author={Gortler, Steven J and Grzeszczuk, Radek and Szeliski, Richard and Cohen, Michael F},
  booktitle={Proceedings of the 23rd annual conference on Computer graphics and interactive techniques},
  pages={43--54},
  year=1996,
  organization={ACM}
}

@inproceedings{shum2000review,
  title={Review of image-based rendering techniques},
  author={Shum, Harry and Kang, Sing B},
  booktitle={Visual Communications and Image Processing 2000},
  pages={2--13},
  year={2000},
  organization={International Society for Optics and Photonics}
}

@article{snavely2006photo,
  title={Photo tourism: exploring photo collections in 3D},
  author={Snavely, Noah and Seitz, Steven M and Szeliski, Richard},
  journal={ACM transactions on graphics (TOG)},
  volume={25},
  number={3},
  pages={835--846},
  year={2006},
  publisher={ACM}
}

@misc{ceres-solver,
  author = "Sameer Agarwal and Keir Mierle and Others",
  title = "Ceres Solver",
  howpublished = "\url{https://code.google.com/p/ceres-solver/}",
}

@article{hartley1997triangulation,
  title={Triangulation},
  author={Hartley, Richard I and Sturm, Peter},
  journal={Computer vision and image understanding},
  volume={68},
  number={2},
  pages={146--157},
  year={1997},
  publisher={Elsevier}
}

@article{opencv_library,
    author = {Bradski, G.},
    citeulike-article-id = {2236121},
    journal = {Dr. Dobb's Journal of Software Tools},
    keywords = {bibtex-import},
    posted-at = {2008-01-15 19:21:54},
    priority = {4},
    year = {2000}
}

@article{opengm2,
  author = {Andres, B. and Beier T. and Kappes, J.~H.},
  title = {{OpenGM}: A {C++} Library for Discrete Graphical Models},
  journal = {ArXiv e-prints},
  eprint = {1206.0111},
  year = {2012},
  url = {http://arxiv.org/abs/1206.0111}
}

@inproceedings{rother2007optimizing,
  title={Optimizing binary MRFs via extended roof duality},
  author={Rother, Carsten and Kolmogorov, Vladimir and Lempitsky, Victor and Szummer, Martin},
  booktitle={Computer Vision and Pattern Recognition, 2007. CVPR'07. IEEE Conference on},
  pages={1--8},
  year={2007},
  organization={IEEE}
}

@article{bhattacharyya1946measure,
  title={On a measure of divergence between two multinomial populations},
  author={Bhattacharyya, Anil},
  journal={Sankhy{\=a}: The Indian Journal of Statistics},
  pages={401--406},
  year={1946},
  publisher={JSTOR}
}
